
@book{hawking.1973,
  title={The large scale structure of space-time},
  author={Hawking, Stephen W and Ellis, George Francis Rayner},
  volume={1},
  year={1973},
  publisher={Cambridge university press}
}

@article{hevner.2004,
	title = {Design {{Science}} in {{Information Systems Research}}},
	author = {Hevner, Alan R and March, Salvatore T and Park, Jinsoo and Ram, Sudha},
	date = {2004-03},
	journaltitle = {MIS Quarterly},
	volume = {28},
	pages = {77--105},
	langid = {english},
	number = {1}
}